@book{napkin,
    booktitle = {An Infinitely Large Napkin},
	title = {An Infinitely Large Napkin},
	url = "https://venhance.github.io/napkin/Napkin.pdf",
	year = {2022},
	author = {Evan Chen},
}

@misc{lpspacestao,
	title = {245B, notes 3: $L^p$ spaces},
	url = "https://terrytao.wordpress.com/2009/01/09/245b-notes-3-lp-spaces/",
	author = {Terrence Tao},
	year = {2009}
}

@book{rising-sea,
    booktitle = {The Rising Sea: Foundations of Algebraic Geometry},
	title = {The Rising Sea: Foundations of Algebraic Geometry},
	url = "http://math.stanford.edu/~vakil/216blog/FOAGnov1817public.pdf",
	year = {2017},
	author = {Ravi Vakil},
}

@book {hartshorne,
    AUTHOR = {Hartshorne, Robin},
     TITLE = {Algebraic geometry},
    SERIES = {Graduate Texts in Mathematics, No. 52},
 PUBLISHER = {Springer-Verlag, New York-Heidelberg},
      YEAR = {1977},
     PAGES = {xvi+496},
      ISBN = {0-387-90244-9},
   MRCLASS = {14-01},
  MRNUMBER = {463157},
MRREVIEWER = {Robert Speiser},
}

@book{liu-alg-geo-ari,
	title={Algebraic Geometry and Arithmetic Curves},
	author={Liu, Qing},
	series={Oxford graduate texts in mathematics},
	url={https://books.google.com/books?id=pEGLDAEACAAJ},
	year={2006},
	publisher={Oxford University Press}
}

@book{lang-analysis,
	title={Real and Functional Analysis},
	author={Lang, Serge},
	lccn={92021208},
	series={Graduate Texts in Mathematics},
	url={https://books.google.com/books?id=KOMlBQAAQBAJ},
	year={2012},
	publisher={Springer New York}
}

@book{beautiful-endeavor,
	title = {A Beautifully Foolish Endeavour},
	author = {Hank Green},
	year = {2020},
	publisher = {Dutton Books}
}

@book{course-arithmetic,
	title={A Course in Arithmetic},
	author={Serre, Jean-Pierre},
	lccn={70190089},
	series={Graduate Texts in Mathematics},
	url={https://books.google.com/books?id=8fPTBwAAQBAJ},
	year={2012},
	publisher={Springer New York}
}

@book{scythe,
	title = {Scythe},
	series = {Arc of a Scythe},
	author = {Neal Shusterman},
	year = {2016},
	publisher = {Simon \& Schuster}
}

@book{thunderhead,
	title = {Thunderhead},
	series = {Arc of a Scythe},
	author = {Neal Shusterman},
	year = {2018},
	publisher = {Simon \& Schuster}
}

@misc{matrix,
	author = {Lana Wachowski and Lilly Wachowski},
	title = {The Matrix},
	publisher = {Warner Bros.},
	year = {1999}
}

@book{kedlaya-cft,
	title = {Notes on Class Field Theory},
	url = "https://kskedlaya.org/papers/cft-ptx.pdf",
	author = {Kiran S. Kedlaya},
	year = {2021}
}

@book{light-we-cannot-see,
	title = {All the Light We Cannot See},
	author = {Anthony Doerr},
	year = {2014},
	publisher = {Scribner}
}

@misc{one-nilsson,
	title = {One},
	url = "https://www.youtube.com/watch?v=d5ab8BOu4LE",
	author = {Harry Nilsson},
	year = {1968}
}

@misc{brown-shame,
	title = {healed my shame! became an orb},
	url = "https://www.youtube.com/watch?v=rygQ2s9MwUc",
	author = {Savannah Brown},
	year = {2024}
}

@book{bird-by-bird,
	title={Bird by Bird: Some Instructions on Writing and Life},
	author={Lamott, Anne},
	url={https://books.google.com/books?id=hO\_bzgEACAAJ},
	year={1995},
	publisher={Perfection Learning Corporation}
}

@book{eisenbud-comm-alg,
	title={Commutative Algebra: With a View Toward Algebraic Geometry},
	author={Eisenbud, David},
	lccn={94017351},
	series={Graduate Texts in Mathematics},
	url={https://books.google.com/books?id=Fm\_yPgZBucMC},
	year={1995},
	publisher={Springer}
}

@MISC{leinster-cat-theory,
    TITLE = {Terminology in category theory},
    AUTHOR = {Tom Leinster},
    HOWPUBLISHED = {MathOverflow},
    NOTE = {URL:https://mathoverflow.net/q/6564 (version: 2017-04-13)},
    EPRINT = {https://mathoverflow.net/q/6564},
    URL = {https://mathoverflow.net/q/6564},
	year = {2009}
}

@misc{kunu,
	title = {ku'nu},
	author = {Beth Piatote}
}

@misc{cha-cha-slide,
	title = {Cha Cha Slide},
	author = {DJ Casper},
	year = {2009},
	url = {https://www.youtube.com/watch?v=EWBLyKB9Ok8}
}

@misc{me-and-bobby-gee,
  author       = {Janis Joplin},
  title        = {Me and Bobby McGee},
  year         = {2010},
  url          = {https://www.youtube.com/watch?v=OTHRg_iSWzM},
}

@book{pugh-analysis,
	title={Real Mathematical Analysis},
	author={Charles C. Pugh},
	series={Undergraduate Texts in Mathematics},
	year={2015},
	publisher={Springer International Publishing}
}

@article{weil-functorial,
	author = {Andre Weil},
	journal = {Annals of Mathematics},
	number = {1},
	pages = {247--251},
	publisher = {Annals of Mathematics},
	title = {Correspondence},
	volume = {69},
	year = {1959}
}

@book{strength-in-stars,
	title={The Strength in Our Scars},
	author={Sparacino, Bianca},
	year={2018},
	publisher={Thought Catalog Books}
}

@MISC {ms-238203,
    TITLE = {Is the radical of a homogeneous ideal of a graded ring homogeneous?},
    AUTHOR = {Keenan Kidwell},
    HOWPUBLISHED = {Mathematics Stack Exchange},
    EPRINT = {https://math.stackexchange.com/q/238203},
    URL = {https://math.stackexchange.com/q/238203},
	year = {2012}
}

@book{one-fish-two-fish,
	title={One Fish, Two Fish, Red Fish, Blue Fish},
	author={Theodor Geisel},
	series={Beginner Books},
	year={1960},
	publisher={Beginner Books}
}

@book{english-fairy-tales,
	title={English Fairy Tales},
	author={Joseph Jacobs},
	series={English Fairy Tales},
	year={1890},
	publisher={David Nutt}
}

@book{brocker-janich-diff-top,
	title={Introduction to Differential Topology},
	author={Theodor Br{\"o}cker and Klaus J{\"a}nich},
	year={1982},
	publisher={Cambridge University Press}
}

@book{klein-elem-math-ii,
	author         = {Felix Klein},
	publisher      = {Springer Berlin, Heidelberg},
	title          = {Elementary Mathematics from a Higher Standpoint},
	year           = {2016},
	translator     = {Gert Schubring},
	volume         = {II},
}

@book{klein-elem-math-iii,
	author         = {Felix Klein},
	publisher      = {Springer Berlin, Heidelberg},
	title          = {Elementary Mathematics from a Higher Standpoint},
	year           = {2016},
	translator     = {Gert Schubring},
	volume         = {III},
}

@misc{stacks,
  author       = {The {Stacks project authors}},
  title        = {The Stacks project},
  howpublished = {\url{https://stacks.math.columbia.edu}},
  year         = {2022},
  shorthand    = {SP}
}

@book{silverman-tate,
  author         = {Joseph H. Silverman, John T. Tate},
  publisher      = {Springer International},
  title          = {Rational Points on Elliptic Curves},
  year           = {2015},
  series         = {Undergraduate Texts in Mathematics},
  edition        = {2},
}

@article{tate-conj-tate,
	title = {Endomorphisms of abelian varieties over finite fields},
	volume = {2},
	issn = {1432-1297},
	url = {https://doi.org/10.1007/BF01404549},
	doi = {10.1007/BF01404549},
	number = {2},
	journal = {Inventiones mathematicae},
	author = {Tate, John},
	month = apr,
	year = {1966},
	pages = {134--144},
}

@book{silverman,
  author         = {Joseph H. Silverman},
  publisher      = {Springer New York, NY},
  title          = {The Arithmetic of Elliptic Curves},
  year           = {2009},
  edition        = {2},
  doi            = {https://doi.org/10.1007/978-0-387-09494-6},
  series         = {Graduate Texts in Mathematics},
}

@misc{milne-av,
	author={Milne, James S.},
	title={Abelian Varieties (v2.00)},
	year={2008},
	note={Available at www.jmilne.org/math/},
	pages={166+vi}
}

@misc{conrad-av,
  author       = {Brian Conrad},
  title        = {Abelian Varieties},
  year         = {2015},
  url          = {https://virtualmath1.stanford.edu/~conrad/249CS15Page/handouts/abvarnotes.pdf},
}

@misc{milne-cm,
	author={Milne, James S.},
	title={Complex Multiplication (v0.10)},
	year={2020},
	note={Available at www.jmilne.org/math/}
}

@misc{lombardo-av,
	author={Davide Lombardo},
	title={Abelian Varieties},
	year={2018},
	url          = {https://people.dm.unipi.it/lombardo/Teaching/VarietaAbeliane1718/Notes.pdf},
}

@misc{egm-av,
  author       = {Bas Edixhoven and Gerard van der Geer and Ben Moonen},
  url          = {http://van-der-geer.nl/~gerard/AV.pdf},
  title        = {Abelian Varieties},
}

@book{tate-conj-faltings,
  author         = {Gerd Faltings},
  editor         = {Gary Cornell and Joseph H. Silverman},
  publisher      = {Springer New York, NY},
  title          = {Arithmetic Geometry},
  year           = {1986},
  pages          = {9--26},
}

@misc{people-watching-nostalgia,
  author       = {Winston Rowntree},
  url          = {https://youtu.be/s9mfi0L6PC4?t=336},
  title        = {People Watching: Why Nostalgia Is Total Bull},
  year         = {2017}
}

@misc{milne-cft,
	author={J.S. Milne},
	title={Class Field Theory (v4.03)},
	year={2020},
	note={Available at www.jmilne.org/math/},
	pages={287+viii}
}

@book{lam-quad-forms,
  author         = {Tsit Yuen Lam},
  publisher      = {American Mathematics Society},
  title          = {Introduction to Quadratic Forms over Fields},
  year           = {2005},
  series         = {Graduate Studies in Mathematics},
}

@book{davenport-mult-nt,
	author = {Davenport, Harold},
	address = {New York, NY},
	edition = {Second Edition.},
	isbn = {9781475759297},
	keywords = {Mathematical Physics and Mathematics ; Number theory},
	language = {eng},
	organization = {SpringerLink (Online service)},
	publisher = {Springer},
	series = {Graduate Texts in Mathematics},
	title = {Multiplicative number theory},
	volume = {74},
	year = {1980},
}

@book{davenport-ineqs,
	author = {Davenport, Harold},
	address = {Cambridge, UK ;},
	booktitle = {Analytic methods for Diophantine equations and Diophantine inequalities},
	edition = {2nd ed. / this edition edited and prepared for publication by T, D. Browning.},
	isbn = {0521605830},
	keywords = {Analyse diophantienne},
	language = {eng},
	lccn = {2004062101},
	publisher = {Cambridge University Press},
	series = {Cambridge mathematical library},
	title = {Analytic methods for Diophantine equations and Diophantine inequalities},
	year = {2005},
}

@book{stein-fourier-analysis,
	title={Fourier Analysis: An Introduction},
	author={Elias M. Stein and Rami Shakarchi},
	url={https://books.google.com/books?id=I6CJngEACAAJ},
	year={2003},
	publisher={Princeton University Press},
	volume={1},
}

@book{stein-complex-analysis,
	title={Complex Analysis},
	author={Elias M. Stein and Rami Shakarchi},
	year={2003},
	publisher={Princeton University Press},
	volume={2},
}

@incollection{tate-thesis,
	author={John T. Tate},
	title={Fourier Analysis in Number Fields and Hecke's Zeta-Functions},
	booktitle={Algebraic Number Theory: Proceedings of an Instructional Conference},
	editor={J. W. S. Cassels and A. Fr{\"o}hlich},
	year={2010},
	publisher={London Mathematical Society},
	edition={2}
}

@incollection{serre-cm,
	author={Jean-Pierre Serre},
	title={Complex Multiplication},
	booktitle={Algebraic Number Theory: Proceedings of an Instructional Conference},
	editor={J. W. S. Cassels and A. Fr{\"o}hlich},
	year={2010},
	publisher={London Mathematical Society},
	edition={2}
}

@misc{tao-gamma-function,
  author       = {Terence Tao},
  url          = {https://terrytao.wordpress.com/2014/12/15/254a-supplement-3-the-gamma-function-and-the-functional-equation-optional/},
  title        = {254A, Supplement 3: The Gamma function and the functional equation (optional)},
  year         = {2014}
}

@article{mattner-diff-under-sign,
  author          = {Lutz Mattner},
  journal         = {Nieuw Archief voor Wiskunde},
  number          = {1},
  title           = {Complex differentiation under the integral},
  volume          = {2},
  year            = {2001},
  pages           = {32--35},
}

@book{serre-local-fields,
	language = {eng},
	publisher = {Springer},
	series = {Graduate Texts in Mathematics},
	title = {Local Fields},
	volume = {67},
	year = {2013},
	author = {Greenberg, Marvin J and Serre, Jean-Pierre},
	isbn = {9780387904245},
}

@misc{nir-complex-analysis,
  author       = {Nir Elber},
  title        = {Introduction to Complex Analysis},
  year         = {2022},
  url          = {https://dfoiler.github.io/notes/185/notes.pdf}
}

@article{rota-philosophy,
  author          = {Gian-Carlo Rota},
  journal         = {Los Alamos Science},
  number          = {12},
  title           = {Mathematics, Philosophy and Artificial Intelligence},
  year            = {1985}
}

@misc{merriam-webster-hop-skip-jump,
  author       = {Merriam-Webster},
  title        = {Hop, Skip, and Jump},
  year         = {2023},
  url          = {https://www.merriam-webster.com/dictionary/hop%2C%20skip%2C%20and%20jump},
}

@misc{the-twist,
	title = {The Twist},
	author = {Chubby Checker},
	year = {1960},
	url = {https://www.youtube.com/watch?v=HLrxaNOuHyw}
}

@article{hecke-converse,
	title = {Über die {Bestimmung} {Dirichletscher} {Reihen} durch ihre {Funktionalgleichung}},
	volume = {112},
	issn = {1432-1807},
	url = {https://doi.org/10.1007/BF01565437},
	doi = {10.1007/BF01565437},
	number = {1},
	journal = {Mathematische Annalen},
	author = {Hecke, E.},
	month = dec,
	year = {1936},
	pages = {664--699},
}

@InProceedings{cadoret-galois,
	author="Cadoret, Anna",
	editor="D{\`e}bes, Pierre
	and Emsalem, Michel
	and Romagny, Matthieu
	and Uluda{\u{g}}, A. Muhammed",
	title="Galois Categories",
	booktitle="Arithmetic and Geometry Around Galois Theory",
	year="2013",
	publisher="Springer Basel",
	address="Basel",
	pages="171--246",
}


@book{milne-alg-groups,
	place={Cambridge},
	series={Cambridge Studies in Advanced Mathematics},
	title={Algebraic Groups: The Theory of Group Schemes of Finite Type over a Field},
	DOI={10.1017/9781316711736},
	publisher={Cambridge University Press},
	author={Milne, J. S.},
	year={2017},
	collection={Cambridge Studies in Advanced Mathematics}
}

@misc{emerton-descent,
  author       = {Matthew Emerton},
  title        = {Descending Properties of Morphisms},
  url          = {http://math.stanford.edu/~conrad/216APage/handouts/fpqc.pdf},
}

@misc{elber-av,
  author       = {Nir Elber},
  title        = {Abelian Varieties},
  year         = {2022},
  url          = {https://dfoiler.github.io/notes/256A/paper.pdf},
}

@misc{elber-top,
  author       = {Nir Elber},
  title        = {Introduction to Topology and Analysis},
  year         = {2022},
  url          = {https://dfoiler.github.io/notes/202A/notes.pdf},
}

@misc{elber-alg-top,
  author       = {Nir Elber},
  title        = {Algebraic Topology},
  year         = {2023},
  url          = {https://dfoiler.github.io/notes/215A/notes.pdf},
}

@misc{elber-ca,
  author       = {Nir Elber},
  title        = {Commutative Algebra},
  year         = {2022},
  url          = {https://dfoiler.github.io/notes/250B/notes.pdf},
}

@misc{elber-diff-top,
  author       = {Nir Elber},
  title        = {Differential Topology},
  year         = {2024},
  url          = {https://dfoiler.github.io/notes/214/notes.pdf},
}

@article{weil-conj,
	author = {Andr{\'e} Weil},
	title = {{Numbers of solutions of equations in finite fields}},
	volume = {55},
	journal = {Bulletin of the American Mathematical Society},
	number = {5},
	publisher = {American Mathematical Society},
	pages = {497 -- 508},
	year = {1949},
}

@misc{raskin-weil-conj,
  author       = {Sam Raskin},
  title        = {The Weil Conjectures for Curves},
  year         = {2007},
  url          = {https://math.uchicago.edu/~may/VIGRE/VIGRE2007/REUPapers/FINALFULL/Raskin.pdf},
}

@book{bump-forms,
	place={Cambridge},
	series={Cambridge Studies in Advanced Mathematics},
	title={Automorphic Forms and Representations},
	DOI={10.1017/CBO9780511609572},
	publisher={Cambridge University Press},
	author={Bump, Daniel},
	year={1997},
	collection={Cambridge Studies in Advanced Mathematics}
}

@misc{conrad-forms,
  author       = {Keith Conrad},
  title        = {Modular Forms},
  year         = {2016},
  url          = {https://ctnt-summer.math.uconn.edu/wp-content/uploads/sites/1632/2016/02/CTNTmodularforms.pdf},
}

@book{lang-alg-nt,
  author         = {Serge Lang},
  publisher      = {Springer New York, NY},
  title          = {Algebraic Number Theory},
  year           = {1994},
  series         = {Graduate Texts in Mathematics},
  edition        = {2},
}

@misc{ross-program,
  author       = {Ross Program},
  title        = {The Ross Mathematics Program},
  year         = {2023},
  url          = {https://rossprogram.org/},
}

@book{hatcher,
  address = {Cambridge},
  author = {Hatcher, Allen},
  title     = {Algebraic Topology},
  year = {2001}
}

@book{marker,
  title={Model Theory : An Introduction},
  author={Marker, D.},
  isbn={9780387987606},
  lccn={02024184},
  series={Graduate Texts in Mathematics},
  url={https://books.google.com/books?id=QieAHk--GCcC},
  year={2002},
  publisher={Springer New York}
}

@misc{conrad-e-trans,
  author       = {Keith Conrad},
  title        = {Transcendence of $e$},
  url          = {https://kconrad.math.uconn.edu/blurbs/analysis/transcendence-e.pdf},
}

@book{hardy-wright,
  author = {Hardy, G. H. and Wright, E. M.},
  publisher = {Oxford},
  title = {An Introduction to the Theory of Numbers},
  year = {1975}
}

@article{olds-cf-e,
 ISSN = {00029890, 19300972},
 URL = {http://www.jstor.org/stable/2318113},
 author = {C. D. Olds},
 journal = {The American Mathematical Monthly},
 number = {9},
 pages = {968--974},
 publisher = {Mathematical Association of America},
 title = {The Simple Continued Fraction Expansion of e},
 urldate = {2023-08-26},
 volume = {77},
 year = {1970}
}

@article{pell-lenstra,
  author          = {H. W. Lenstra Jr.},
  journal         = {Notices of the AMS},
  number          = {2},
  title           = {Solving the Pell Equation},
  volume          = {49},
  year            = {2002},
  url             = {https://www.ams.org/notices/200202/fea-lenstra.pdf},
}

@book {Silverman2009,
    AUTHOR = {Silverman, Joseph H.},
     TITLE = {The arithmetic of elliptic curves},
    SERIES = {Graduate Texts in Mathematics},
    VOLUME = {106},
   EDITION = {Second},
 PUBLISHER = {Springer, Dordrecht},
      YEAR = {2009},
     PAGES = {xx+513},
      ISBN = {978-0-387-09493-9},
   MRCLASS = {11-02 (11G05 11G20 14H52 14K15)},
  MRNUMBER = {2514094},
MRREVIEWER = {Vasil\cprime \ \={I}.\ Andr\={\i}\u{\i}chuk},
       DOI = {10.1007/978-0-387-09494-6},
       URL = {https://doi.org/10.1007/978-0-387-09494-6},
}

@misc{EVdGM2012,
  title={Abelian varieties},
  author={Edixhoven, Bas and Van der Geer, Gerard and Moonen, Ben},
  note={Available at \url{http://van-der-geer.nl/~gerard/AV.pdf}},
  pages={331},
  year={2012}
}

@book {Hartshorne1977,
    AUTHOR = {Hartshorne, Robin},
     TITLE = {Algebraic geometry},
    SERIES = {Graduate Texts in Mathematics},
    VOLUME = {No. 52},
 PUBLISHER = {Springer-Verlag, New York-Heidelberg},
      YEAR = {1977},
     PAGES = {xvi+496},
      ISBN = {0-387-90244-9},
   MRCLASS = {14-01},
  MRNUMBER = {463157},
MRREVIEWER = {Robert\ Speiser},
}

@book {lee-manifolds,
    AUTHOR = {Lee, John M.},
     TITLE = {Introduction to smooth manifolds},
    SERIES = {Graduate Texts in Mathematics},
    VOLUME = {218},
   EDITION = {Second},
 PUBLISHER = {Springer, New York},
      YEAR = {2013},
     PAGES = {xvi+708},
      ISBN = {978-1-4419-9981-8},
   MRCLASS = {58-01 (53-01 57-01)},
  MRNUMBER = {2954043},
}

@book {folland,
    AUTHOR = {Folland, Gerald B.},
     TITLE = {Real analysis},
    SERIES = {Pure and Applied Mathematics (New York)},
   EDITION = {Second},
      NOTE = {Modern techniques and their applications,
              A Wiley-Interscience Publication},
 PUBLISHER = {John Wiley \& Sons, Inc., New York},
      YEAR = {1999},
     PAGES = {xvi+386},
      ISBN = {0-471-31716-0},
   MRCLASS = {00A05 (26-01 28-01 46-01)},
  MRNUMBER = {1681462},
}

@book {mumford,
    AUTHOR = {Mumford, David},
     TITLE = {Abelian varieties},
    SERIES = {Tata Institute of Fundamental Research Studies in Mathematics},
    VOLUME = {5},
 PUBLISHER = {Published for the Tata Institute of Fundamental Research},
      YEAR = {2008},
     PAGES = {xii+263},
      ISBN = {978-81-85931-86-9; 81-85931-86-0},
}

@MISC {ms1072818,
    TITLE = {Is an open $n$-ball homeomorphic to $\mathbb{R}^{n}$?},
    AUTHOR = {user149792},
    HOWPUBLISHED = {Mathematics Stack Exchange},
    EPRINT = {https://math.stackexchange.com/q/1072818},
    URL = {https://math.stackexchange.com/q/1072818},
	year         = {2014},
}

@book {weibel,
    AUTHOR = {Weibel, Charles A.},
     TITLE = {An introduction to homological algebra},
    SERIES = {Cambridge Studies in Advanced Mathematics},
    VOLUME = {38},
 PUBLISHER = {Cambridge University Press, Cambridge},
      YEAR = {1994},
     PAGES = {xiv+450},
      ISBN = {0-521-43500-5; 0-521-55987-1},
   MRCLASS = {18-01 (16-01 17-01 20-01 55Uxx)},
  MRNUMBER = {1269324},
MRREVIEWER = {Kenneth A. Brown},
       DOI = {10.1017/CBO9781139644136},
       URL = {https://doi-org.libproxy.berkeley.edu/10.1017/CBO9781139644136},
}

@book {lang-cm,
    AUTHOR = {Lang, Serge},
     TITLE = {Complex multiplication},
    SERIES = {Grundlehren der mathematischen Wissenschaften [Fundamental
              Principles of Mathematical Sciences]},
    VOLUME = {255},
 PUBLISHER = {Springer-Verlag, New York},
      YEAR = {1983},
     PAGES = {viii+184},
      ISBN = {0-387-90786-6},
   MRCLASS = {11G15 (11F41 11G18 14K22)},
  MRNUMBER = {713612},
MRREVIEWER = {James Milne},
       DOI = {10.1007/978-1-4612-5485-0},
       URL = {https://doi-org.libproxy.berkeley.edu/10.1007/978-1-4612-5485-0},
}

@article{charles-poonen-2017,
   title={Bertini irreducibility theorems over finite fields},
   volume={29},
   ISSN={1088-6834},
   url={http://dx.doi.org/10.1090/S0894-0347-2014-00820-1},
   DOI={10.1090/s0894-0347-2014-00820-1},
   number={1},
   journal={Journal of the American Mathematical Society},
   publisher={American Mathematical Society (AMS)},
   author={Charles, François and Poonen, Bjorn},
   year={2014},
   month=oct, pages={81--94}
}

@incollection {serre-motivic-galois,
    AUTHOR = {Serre, Jean-Pierre},
     TITLE = {Propri\'{e}t\'{e}s conjecturales des groupes de {G}alois motiviques et
              des repr\'{e}sentations {$l$}-adiques},
 BOOKTITLE = {Motives ({S}eattle, {WA}, 1991)},
    SERIES = {Proc. Sympos. Pure Math.},
    VOLUME = {55},
     PAGES = {377--400},
 PUBLISHER = {Amer. Math. Soc., Providence, RI},
      YEAR = {1994},
   MRCLASS = {11G09 (11G99 14C10 14G99)},
  MRNUMBER = {1265537},
MRREVIEWER = {Yu. G. Zarkhin},
       DOI = {10.1090/pspum/055.1/1265537},
       URL = {https://doi-org.libproxy.berkeley.edu/10.1090/pspum/055.1/1265537},
}

@article {noot-frobenius-class-ordinary,
    AUTHOR = {Noot, Rutger},
     TITLE = {Classe de conjugaison du {F}robenius des vari\'{e}t\'{e}s ab\'{e}liennes \`a
              r\'{e}duction ordinaire},
   JOURNAL = {Ann. Inst. Fourier (Grenoble)},
  FJOURNAL = {Universit\'{e} de Grenoble. Annales de l'Institut Fourier},
    VOLUME = {45},
      YEAR = {1995},
    NUMBER = {5},
     PAGES = {1239--1248},
      ISSN = {0373-0956},
   MRCLASS = {14K15 (11G10 14F99)},
  MRNUMBER = {1370746},
MRREVIEWER = {Yves Andr\'{e}},
       URL = {http://www.numdam.org/item?id=AIF_1995__45_5_1239_0},
}

@article {kisin-p-shimura,
    AUTHOR = {Kisin, Mark},
     TITLE = {{${\rm mod}\,p$} points on {S}himura varieties of abelian
              type},
   JOURNAL = {J. Amer. Math. Soc.},
  FJOURNAL = {Journal of the American Mathematical Society},
    VOLUME = {30},
      YEAR = {2017},
    NUMBER = {3},
     PAGES = {819--914},
      ISSN = {0894-0347},
   MRCLASS = {11G18 (11G10 14G35)},
  MRNUMBER = {3630089},
MRREVIEWER = {Mihran Papikian},
       DOI = {10.1090/jams/867},
       URL = {https://doi-org.libproxy.berkeley.edu/10.1090/jams/867},
}

@book {murre-motive,
    AUTHOR = {Murre, Jacob P. and Nagel, Jan and Peters, Chris A. M.},
     TITLE = {Lectures on the theory of pure motives},
    SERIES = {University Lecture Series},
    VOLUME = {61},
 PUBLISHER = {American Mathematical Society, Providence, RI},
      YEAR = {2013},
     PAGES = {x+149},
      ISBN = {978-0-8218-9434-7},
   MRCLASS = {14-02 (14C15 14C25 19E15)},
  MRNUMBER = {3052734},
MRREVIEWER = {Florence\ Lecomte},
       DOI = {10.1090/ulect/061},
       URL = {https://doi.org/10.1090/ulect/061},
}

@book {blr-neron,
    AUTHOR = {Bosch, Siegfried and L\"{u}tkebohmert, Werner and Raynaud, Michel},
     TITLE = {N\'{e}ron models},
    SERIES = {Ergebnisse der Mathematik und ihrer Grenzgebiete (3) [Results
              in Mathematics and Related Areas (3)]},
    VOLUME = {21},
 PUBLISHER = {Springer-Verlag, Berlin},
      YEAR = {1990},
     PAGES = {x+325},
      ISBN = {3-540-50587-3},
   MRCLASS = {14K15 (11G10 14L15)},
  MRNUMBER = {1045822},
MRREVIEWER = {James Milne},
       DOI = {10.1007/978-3-642-51438-8},
       URL = {https://doi-org.libproxy.berkeley.edu/10.1007/978-3-642-51438-8},
}

@book{milne-alg-grp, place={Cambridge}, series={Cambridge Studies in Advanced Mathematics}, title={Algebraic Groups: The Theory of Group Schemes of Finite Type over a Field}, publisher={Cambridge University Press}, author={Milne, J. S.}, year={2017}, collection={Cambridge Studies in Advanced Mathematics}}

@misc{milne-cft,
  author={J.S. Milne},
  title={Class Field Theory (v4.03)},
  year={2020},
  note={Available at www.jmilne.org/math/},
  pages={287+viii}
}

@book {chai-cm-lifting,
    AUTHOR = {Chai, Ching-Li and Conrad, Brian and Oort, Frans},
     TITLE = {Complex multiplication and lifting problems},
    SERIES = {Mathematical Surveys and Monographs},
    VOLUME = {195},
 PUBLISHER = {American Mathematical Society, Providence, RI},
      YEAR = {2014},
     PAGES = {x+387},
      ISBN = {978-1-4704-1014-8},
   MRCLASS = {14K22 (11G15 14D15 14K02 14K15 14L05)},
  MRNUMBER = {3137398},
MRREVIEWER = {Mihran Papikian},
       DOI = {10.1090/surv/195},
       URL = {https://doi-org.libproxy.berkeley.edu/10.1090/surv/195},
}

@book{kirillov-lie-algebra, place={Cambridge}, series={Cambridge Studies in Advanced Mathematics}, title={An Introduction to Lie Groups and Lie Algebras}, publisher={Cambridge University Press}, author={Kirillov, Jr, Alexander}, year={2008}, collection={Cambridge Studies in Advanced Mathematics}}

@misc{etingof-lie-theory,
  author = {Pavel Etingof},
  title = {Lie groups and Lie algebras},
  year = {2024},
  url = {https://arxiv.org/abs/2201.09397},
}

@misc{poonen-selmer-groups,
  author = {Bjorn Poonen},
  title = {Selmer Group Hueristics and Sieves},
  year = {2014},
  url = {https://math.mit.edu/~poonen/papers/aws2014.pdf},
}

@article {poonen-rains-selmer,
    AUTHOR = {Poonen, Bjorn and Rains, Eric},
     TITLE = {Random maximal isotropic subspaces and {S}elmer groups},
   JOURNAL = {J. Amer. Math. Soc.},
  FJOURNAL = {Journal of the American Mathematical Society},
    VOLUME = {25},
      YEAR = {2012},
    NUMBER = {1},
     PAGES = {245--269},
      ISSN = {0894-0347},
   MRCLASS = {11G10 (11G05 11G30 14G25 14K15)},
  MRNUMBER = {2833483},
MRREVIEWER = {Philipp Habegger},
       DOI = {10.1090/S0894-0347-2011-00710-8},
       URL = {https://doi.org/10.1090/S0894-0347-2011-00710-8},
}

@book {de-harmonic-analysis,
    AUTHOR = {Deitmar, Anton and Echterhoff, Siegfried},
     TITLE = {Principles of harmonic analysis},
    SERIES = {Universitext},
   EDITION = {Second},
 PUBLISHER = {Springer, Cham},
      YEAR = {2014},
     PAGES = {xiv+332},
      ISBN = {978-3-319-05791-0; 978-3-319-05792-7},
   MRCLASS = {43-01 (22E30 46J10 46L05)},
  MRNUMBER = {3289059},
       DOI = {10.1007/978-3-319-05792-7},
       URL = {https://doi.org/10.1007/978-3-319-05792-7},
}

@book{lang-algebra,
  author = {Lang, Serge},
  address = {New York},
  booktitle = {Algebra},
  edition = {Revised Third Edition.},
  isbn = {038795385X},
  keywords = {Algèbre ; algebra ; Algebra Abstract ; Algebra},
  language = {eng},
  lccn = {2001054916},
  publisher = {Springer},
  series = {Graduate texts in mathematics ; 211},
  title = {Algebra  / Serge Lang.},
  year = {2002},
  abstract = {This book is intended as a basic text for a one-year course in Algebra at the graduate level, or as a useful reference for mathematicians and professionals who use higher-level algebra. It successfully addresses the basic concepts of algebra. For the revised third edition, the author has added exercises and made numerous corrections to the text. Comments on Serge Lang's Algebra: Lang's Algebra changed the way graduate algebra is taught, retaining classical topics but introducing language and ways of thinking from category theory and homological algebra. It has affected all subsequent graduate-level algebra books. April 1999 Notices of the AMS, announcing that the author was awarded the Leroy P. Steele Prize for Mathematical Exposition for his many mathematics books. The author has an impressive knack for presenting the important and interesting ideas of algebra in just the "right" way, and he never gets bogged down in the dry formalism which pervades some parts of algebra. MathSciNet's review of the first edition.},
}

@book{neukirch-cohom,
	place={Berlin},
	title={Cohomology of Number Fields},
	series={Grundlehren der mathematischen Wissenschaften},
	publisher={Springer Berlin, Heidelberg},
	author={J\"urgen Neukirch and Alexander Schmidt and Kay Wingberg},
	year={2008},
	edition={2}
}

@book {conway-functional,
    AUTHOR = {Conway, John B.},
     TITLE = {A course in functional analysis},
    SERIES = {Graduate Texts in Mathematics},
    VOLUME = {96},
   EDITION = {Second},
 PUBLISHER = {Springer-Verlag, New York},
      YEAR = {1990},
     PAGES = {xvi+399},
      ISBN = {0-387-97245-5},
   MRCLASS = {46-01 (47-01)},
  MRNUMBER = {1070713},
}

@misc{koymans-pagano-h10,
  author = {Koymans, Peter and Pagano, Carlo},
  title = {Hilbert's tenth problem via additive combinatorics},
  year = {2025},
  url = {https://arxiv.org/abs/2412.01768},
}

@book {rubin-euler-systems,
    AUTHOR = {Rubin, Karl},
     TITLE = {Euler systems},
    SERIES = {Annals of Mathematics Studies},
    VOLUME = {147},
      NOTE = {Hermann Weyl Lectures. The Institute for Advanced Study},
 PUBLISHER = {Princeton University Press, Princeton, NJ},
      YEAR = {2000},
     PAGES = {xii+227},
      ISBN = {0-691-05075-9; 0-691-05076-7},
   MRCLASS = {11R23 (11G40 11R34 11R42)},
  MRNUMBER = {1749177},
MRREVIEWER = {Jan Nekov\'{a}\v{r}},
       DOI = {10.1515/9781400865208},
       URL = {https://doi.org/10.1515/9781400865208},
}

@book{milne-duality,
  author={J.S. Milne},
  title={Arithmetic Duality Theorems},
  year={2006},
  publisher={BookSurge, LLC},
  edition={Second},
  pages={viii+339},
  isbn={1-4196-4274-X}
}

@article {mazur-rubin-rank-twist,
    AUTHOR = {Mazur, B. and Rubin, K.},
     TITLE = {Ranks of twists of elliptic curves and {H}ilbert's tenth
              problem},
   JOURNAL = {Invent. Math.},
  FJOURNAL = {Inventiones Mathematicae},
    VOLUME = {181},
      YEAR = {2010},
    NUMBER = {3},
     PAGES = {541--575},
      ISSN = {0020-9910},
   MRCLASS = {11G05 (11G40)},
  MRNUMBER = {2660452},
MRREVIEWER = {Pete L. Clark},
       DOI = {10.1007/s00222-010-0252-0},
       URL = {https://doi.org/10.1007/s00222-010-0252-0},
}

@article {mati-h10,
    AUTHOR = {Matijasevi\v{c}, Ju. V.},
     TITLE = {The {D}iophantineness of enumerable sets},
   JOURNAL = {Dokl. Akad. Nauk SSSR},
  FJOURNAL = {Doklady Akademii Nauk SSSR},
    VOLUME = {191},
      YEAR = {1970},
     PAGES = {279--282},
      ISSN = {0002-3264},
   MRCLASS = {10.10 (02.00)},
  MRNUMBER = {258744},
MRREVIEWER = {J. W. S. Cassels},
}

@article {shlap-elliptic-curve-h10,
    AUTHOR = {Shlapentokh, Alexandra},
     TITLE = {Elliptic curves retaining their rank in finite extensions and
              {H}ilbert's tenth problem for rings of algebraic numbers},
   JOURNAL = {Trans. Amer. Math. Soc.},
  FJOURNAL = {Transactions of the American Mathematical Society},
    VOLUME = {360},
      YEAR = {2008},
    NUMBER = {7},
     PAGES = {3541--3555},
      ISSN = {0002-9947},
   MRCLASS = {11U05 (03B25 03C07 11G05)},
  MRNUMBER = {2386235},
MRREVIEWER = {Thanases Pheidas},
       DOI = {10.1090/S0002-9947-08-04302-X},
       URL = {https://doi.org/10.1090/S0002-9947-08-04302-X},
}

@article {denef-h10,
    AUTHOR = {Denef, J.},
     TITLE = {Diophantine sets over algebraic integer rings. {II}},
   JOURNAL = {Trans. Amer. Math. Soc.},
  FJOURNAL = {Transactions of the American Mathematical Society},
    VOLUME = {257},
      YEAR = {1980},
    NUMBER = {1},
     PAGES = {227--236},
      ISSN = {0002-9947},
   MRCLASS = {12L05 (10N05)},
  MRNUMBER = {549163},
MRREVIEWER = {P. Roquette},
       DOI = {10.2307/1998133},
       URL = {https://doi.org/10.2307/1998133},
}

@article {denef-lipshitz-diophantine,
    AUTHOR = {Denef, J. and Lipshitz, L.},
     TITLE = {Diophantine sets over some rings of algebraic integers},
   JOURNAL = {J. London Math. Soc. (2)},
  FJOURNAL = {Journal of the London Mathematical Society. Second Series},
    VOLUME = {18},
      YEAR = {1978},
    NUMBER = {3},
     PAGES = {385--391},
      ISSN = {0024-6107},
   MRCLASS = {12L05 (03D35 10B99)},
  MRNUMBER = {518221},
MRREVIEWER = {P. Roquette},
       DOI = {10.1112/jlms/s2-18.3.385},
       URL = {https://doi.org/10.1112/jlms/s2-18.3.385},
}

@incollection {gross-kolyvagin-system,
    AUTHOR = {Gross, Benedict H.},
     TITLE = {Kolyvagin's work on modular elliptic curves},
 BOOKTITLE = {{$L$}-functions and arithmetic ({D}urham, 1989)},
    SERIES = {London Math. Soc. Lecture Note Ser.},
    VOLUME = {153},
     PAGES = {235--256},
 PUBLISHER = {Cambridge Univ. Press, Cambridge},
      YEAR = {1991},
   MRCLASS = {11G10 (11G40)},
  MRNUMBER = {1110395},
       DOI = {10.1017/CBO9780511526053.009},
       URL = {https://doi.org/10.1017/CBO9780511526053.009},
}

@book {knus-quad-forms,
    AUTHOR = {Knus, Max-Albert},
     TITLE = {Quadratic and {H}ermitian forms over rings},
    SERIES = {Grundlehren der mathematischen Wissenschaften [Fundamental
              Principles of Mathematical Sciences]},
    VOLUME = {294},
      NOTE = {With a foreword by I. Bertuccioni},
 PUBLISHER = {Springer-Verlag, Berlin},
      YEAR = {1991},
     PAGES = {xii+524},
      ISBN = {3-540-52117-8},
   MRCLASS = {11Exx (11E39 11E81 16E20 19Gxx)},
  MRNUMBER = {1096299},
MRREVIEWER = {Rudolf Scharlau},
       DOI = {10.1007/978-3-642-75401-2},
       URL = {https://doi.org/10.1007/978-3-642-75401-2},
}